<record><leader>00000cas a2200000 a 4500</leader><controlfield tag="001">795202253</controlfield><controlfield tag="006">m     o  d        </controlfield><controlfield tag="007">cr |||||||||||</controlfield><controlfield tag="008">120612d18411843ohudn neo     0    0eng c</controlfield><datafield ind1=" " ind2=" " tag="010"><subfield code="a">  2012263153</subfield></datafield><datafield ind1=" " ind2=" " tag="040"><subfield code="a">TXA</subfield><subfield code="b">eng</subfield><subfield code="c">TXA</subfield><subfield code="d">TXA</subfield><subfield code="d">OCLCF</subfield></datafield><datafield ind1=" " ind2=" " tag="037"><subfield code="b">ProQuest, LLC, 789 E. Eisenhower Parkway, Ann Arbor, MI 48106-1346</subfield></datafield><datafield ind1=" " ind2=" " tag="042"><subfield code="a">pcc</subfield></datafield><datafield ind1=" " ind2=" " tag="043"><subfield code="a">n-us-oh</subfield></datafield><datafield ind1="1" ind2="4" tag="050"><subfield code="a">AN2</subfield><subfield code="b">.A28x</subfield></datafield><datafield ind1="0" ind2="0" tag="245"><subfield code="a">Daily Cincinnati enquirer</subfield><subfield code="h">[electronic resource].</subfield></datafield><datafield ind1="1" ind2=" " tag="246"><subfield code="i">Published as:</subfield><subfield code="a">Cincinnati daily enquirer</subfield><subfield code="f">Jan. 14-Apr. 5, 1843.</subfield></datafield><datafield ind1=" " ind2=" " tag="260"><subfield code="a">Cincinnati [Ohio] :</subfield><subfield code="b">John and Charles H. Brough</subfield></datafield><datafield ind1=" " ind2=" " tag="310"><subfield code="a">Daily (except Sunday)</subfield></datafield><datafield ind1="1" ind2=" " tag="362"><subfield code="a">Began with: New ser., v. 1, no. 1 (Apr. 10, 1841); ceased with: Vol. 3, no. 196 (Nov. 25, 1843).</subfield></datafield><datafield ind1=" " ind2=" " tag="515"><subfield code="a">Issues for Apr. 11, 1842-Nov. 25, 1843 also called whole no. 311-whole no. 815.</subfield></datafield><datafield ind1=" " ind2=" " tag="580"><subfield code="a">Weekly eds.: Weekly Cincinnati enquirer (Cincinnati, Ohio : 1841), 1841-1842, and: Cincinnati weekly enquirer (Cincinnati, Ohio : 1843), 1843.</subfield></datafield><datafield ind1=" " ind2=" " tag="588"><subfield code="a">Description based on: New ser., v. 1, no. 1 (Apr. 10, 1841); title from PDF p. 1 banner (ProQuest, viwed June 12, 2012).</subfield></datafield><datafield ind1=" " ind2=" " tag="588"><subfield code="a">Latest issue consulted: Vol. 3, no. 196 (Nov. 25, 1843) (ProQuest, viwed June 12, 2012).</subfield></datafield><datafield ind1=" " ind2="0" tag="651"><subfield code="a">Cincinnati (Ohio)</subfield><subfield code="v">Newspapers.</subfield></datafield><datafield ind1=" " ind2="0" tag="651"><subfield code="a">Hamilton County (Ohio)</subfield><subfield code="v">Newspapers.</subfield></datafield><datafield ind1=" " ind2="7" tag="655"><subfield code="a">Newspapers.</subfield><subfield code="2">fast</subfield><subfield code="0">(OCoLC)fst01423814</subfield></datafield><datafield ind1=" " ind2="7" tag="651"><subfield code="a">Ohio</subfield><subfield code="z">Cincinnati.</subfield><subfield code="2">fast</subfield><subfield code="0">(OCoLC)fst01205142</subfield></datafield><datafield ind1=" " ind2="7" tag="651"><subfield code="a">Ohio</subfield><subfield code="z">Hamilton County.</subfield><subfield code="2">fast</subfield><subfield code="0">(OCoLC)fst01205597</subfield></datafield><datafield ind1=" " ind2=" " tag="752"><subfield code="a">United States</subfield><subfield code="b">Ohio</subfield><subfield code="c">Hamilton</subfield><subfield code="d">Cincinnati.</subfield></datafield><datafield ind1="1" ind2=" " tag="775"><subfield code="t">Weekly Cincinnati enquirer (Cincinnati, Ohio : 1841)</subfield></datafield><datafield ind1="1" ind2=" " tag="775"><subfield code="t">Cincinnati weekly enquirer (Cincinnati, Ohio : 1843)</subfield></datafield><datafield ind1="0" ind2="8" tag="776"><subfield code="i">Print version:</subfield><subfield code="t">Daily Cincinnati enquirer</subfield><subfield code="w">(DLC)sn 83045623</subfield><subfield code="w">(OCoLC)9538069</subfield></datafield><datafield ind1="0" ind2="0" tag="780"><subfield code="t">Advertiser and journal (Cincinnati, Ohio : 1839)</subfield></datafield><datafield ind1="0" ind2="7" tag="785"><subfield code="t">Daily morning message (Cincinnati, Ohio)</subfield></datafield><datafield ind1="0" ind2="7" tag="785"><subfield code="t">Enquirer and message</subfield><subfield code="w">(DLC)  2012263154</subfield><subfield code="w">(OCoLC)795225257</subfield></datafield><datafield ind1="4" ind2="0" tag="856"><subfield code="u">http://search.proquest.com/hnpcincinnatienquirer</subfield></datafield></record>